#Created by Kbib version 0.6.5
#Last modified: Sat May 14 15:22:08 2011


@article{axtell_coordination_2006,
	author = {R. L Axtell and J. M Epstein},
	title = {Coordination in transient social networks: an agent-based computational model of the timing of retirement},
	journal = {Generative social science: studies in agent-based computational modeling},
	year = {2006},
	pages = {146},
	shorttitle = {Coordination in transient social networks}
}

@article{springerlink:10.1007/BF01299065,
	author = {Axtell, Robert and Axelrod, Robert and Epstein, Joshua M. and Cohen, Michael D.},
	title = {Aligning simulation models: A case study and results},
	journal = {Computational and Mathematical Organization Theory},
	year = 1996,
	volume = {1},
	pages = {123-141},
	note = {10.1007/BF01299065},
	url = {http://dx.doi.org/10.1007/BF01299065},
	affiliation = {School of Public Policy University of Michigan 48109 Ann Arbor MI},
	issn = {1381-298X},
	issue = {2},
	keyword = {Business and Economics},
	publisher = {Springer Netherlands}
}

