
@article{axtell_coordination_2006,
	title = {Coordination in transient social networks: an agent-based computational model of the timing of retirement},
	shorttitle = {Coordination in transient social networks},
	journal = {Generative social science: studies in agent-based computational modeling},
	author = {R. L Axtell and J. M Epstein},
	year = {2006},
	pages = {146}
}